
@online{finderRelais,
    url = "http://www.findernet.com/en-US/products/sku/345170055010/",
    author = "FINDER S.p.A.",
}
@online{lemoConnector,
    author = "LEMO SA, Switzerland",
    title = "00 NIM-CAMAC \& 01 COAXIAL CONNECTORS",
    url = "http://www.lemo.ch/en/miniature/00-series?domain=[term_node_tid_1]",
}
@Article{PDG2012,
     author    = "{J. Beringer et al. (Particle Data Group)}",
     title     = "Review of particle physics",
     journal   = "Phys. Rev. D",
     volume    = "86",
     year      = "2012",
     pages     = "010001",
     doi       = "10.1103/PhysRevD.86.010001"
 }

